<?xml version="1.0" encoding="UTF-8"?><collection xmlns="http://www.loc.gov/MARC21/slim"><record><leader>00495nam--2200145-i-4500</leader><controlfield tag="001">000002972</controlfield><controlfield tag="002">20161230</controlfield><controlfield tag="005">20170224013217</controlfield><controlfield tag="008">060222s1000------------r-----000-0-eng-d</controlfield><datafield ind1=" " ind2=" " tag="100"><subfield code="a">Vaucouleurs, Gerard De</subfield></datafield><datafield ind1=" " ind2=" " tag="245"><subfield code="a">Manuel de photographie scientifique. (sciences physiques et biologiques). Preface de L.P.Clerc. avec la collaboration de H. Faraggi et H.Tellez-Plasencia</subfield></datafield><datafield ind1=" " ind2=" " tag="260"><subfield code="a">Paris</subfield><subfield code="b">Ed.De La Rev.D Optique</subfield><subfield code="c">1956</subfield></datafield><datafield ind1=" " ind2=" " tag="300"><subfield code="a">391 p</subfield></datafield><datafield ind1=" " ind2=" " tag="700"><subfield code="a">Selme, P</subfield></datafield><datafield ind1=" " ind2=" " tag="CAT"><subfield code="a">SYS</subfield><subfield code="c">20170224</subfield><subfield code="h">013217</subfield></datafield></record></collection>